\usepackage[utf8]{inputenc}
\begin{thebibliography}{99}

% Examples

@book{dirac,
  title={The Principles of Quantum Mechanics},
  author={Paul Adrien Maurice Dirac},
  isbn={9780198520115},
  series={International series of monographs on physics},
  year={1981},
  publisher={Clarendon Press},
  keywords = {physics}
}

@online{knuthwebsite,
    author    = "Donald Knuth",
    title     = "Knuth: Computers and Typesetting",
    url       = "http://www-cs-faculty.stanford.edu/~uno/abcde.html",
    keywords  = "latex,knuth"
}

@inbook{knuth-fa,
   author = "Donald E. Knuth",
   title = "Fundamental Algorithms",
   publisher = "Addison-Wesley",
   year = "1973",
   chapter = "1.2",
   keywords  = "knuth,programming"
}

% Referencias
@online{1,
    author    = "Mosquera Poveda, Angie Estéfany",
    title     = "La copia en los exámenes, un dilema del mal estudiante",
    year      =  "2015",   
    url       = "https://hdl.handle.net/20.500.12313/237",
    keywords  = "Motivación,Carencia,Autoridad,Deshonestidad"
}

@TechReport{2,
  author={Mauricio Romero and Álvaro Riascos and Diego Jara},
  title={{Detección de copia: modelos de respuesta nominal, comparación de índices y pruebas múltiples de copia}},
  year=2011,
  month=May,
  institution={Universidad de los Andes - CEDE},
  type={Documentos CEDE},
  url={https://ideas.repec.org/p/col/000089/008748.html},
  number={008748},
  abstract={Este documento describe la metodología utilizada para implementar el índice ω a las pruebas SABER 5◦ y 9◦ realizadas por el ICFES en el 2009. Para validar la utilización de este índice se calculan el error tipo I y II. Adicionalmente, se comparan el índice ω y el índice κ en términos de error tipo I, error tipo II y potencia utilizando muestreos independientes y simulaciones. Finalmente, se detectaron las sede-jornada con copia masiva controlando el valor esperado de la tasa de falsos positivos mediante un procedimiento de tipo Bonferroni.},
  keywords={Índice É; Índice º; Detección de Copia; Pruebas de Copia Masiva},
  doi={},
}

@article{3,
    author = {Gino, Francesca and Ayal, Shahar},
    year = {2009},
    month = {04},
    pages = {393-8},
    title = {Contagion and Differentiation in Unethical Behavior The Effect of One Bad Apple on the Barrel},
    volume = {20},
    journal = {Psychological science},
    doi = {10.1111/j.1467-9280.2009.02306.x}
}

@article{4,
    author = {Martinez, Lina and Ramírez, R.},
    year = {2017},
    month = {06},
    title = {Fraude académico en universitarios en Colombia: ¿Qué tan crónica es la enfermedad?},
    volume = {44},
    journal = {Educação e Pesquisa},
    doi = {10.1590/s1517-9702201706157079}
}

@article{5,
    author = {Friedman, Adi and Blau, Ina and Eshet-Alkalai, Yoram},
    year = {2016},
    month = {01},
    pages = {193-205},
    title = {Cheating and Feeling Honest: Committing and Punishing Analog versus Digital Academic Dishonesty Behaviors in Higher Education},
    volume = {12},
    journal = {Interdisciplinary Journal of e-Skills and Lifelong Learning},
    doi = {10.28945/3629}
}

@article{6,
  title={Applying the Power of Association on Campus: A Model Code of Academic Integrity},
  author={Gary Pavela},
  journal={The Journal of college and university law},
  year={1997},
  volume={24},
  pages={97-118}
}

@article{7,
    author = {Murdock, Tamera and Anderman, Eric},
    year = {2006},
    month = {09},
    pages = {129-145},
    title = {Motivational Perspectives on Student Cheating: Toward an Integrated Model of Academic Dishonesty},
    volume = {41},
    journal = {Educational Psychologist},
    doi = {10.1207/s15326985ep4103_1}
}

@article{8,
    author = {Mazar, Nina and Amir, On},
    year = {2008},
    month = {12},
    title = {The Dishonesty of Honest People: A Theory of Self-Concept Maintenance},
    volume = {45},
    journal = {Journal of Marketing Research},
    doi = {10.1509/jmkr.45.6.633}
}

@article{9,
    author = {Defensor universitario, Universidad de Alcalá},
    year = {2018},
    month = {6},
    title = {El fraude académico en los procesos de evaluación de los aprendizajes: aspectos legales y actuaciones para contrarrestarlo},
    url = {https://docplayer.es/93517418-El-fraude-academico-en-los-procesos-de-evaluacion-de-los-aprendizajes.html}
}

@online{10,
    title     = "¿Cómo evitar el fraude en los exámenes en línea con Moodle",
    year      =  "2018",   
    url       = "https://blog.edu-labs.co/moodle-fraude-examenes-proctoring/",
}

@online{11,
    author    = "eProctering, EduLabs",
    title     = "Certified Moodle Partner of Moodle Pty Ltd in Latin America plataforma online para los docentes y un software sin conexión destinado a los alumnos",
    url       = "https://eproctoring.com/",
}

@online{12,
    author    = "Urkund",
    title     = "Plagiarism prevention that simply works, Software",
    url       = "https://www.urkund.com/",
}

@online{13,
    author    = "Turnitin",
    title     = "Educación con integridad, Software",
    url       = "https://www.turnitin.com/es",
}

@online{14,
    author    = "TestWe",
    title     = "Plataforma online para los docentes y un software sin conexión destinado a los alumnos",
    year      =  "2018",   
    url       = "https://testwe.eu/es/",
}

@article{15,
    author = {Jain, Aditya and Kulkarni, Gandhar and Shah, Vraj},
    year = {2018},
    month = {01},
    pages = {161-167},
    title = {Natural Language Processing},
    volume = {6},
    journal = {International Journal of Computer Sciences and Engineering},
    doi = {10.26438/ijcse/v6i1.161167}
}

@article{16,
    author = {Henderson, Matthew and Al-Rfou, Rami and Strope, Brian and Sung, Yun-Hsuan and Lukacs, Laszlo and Guo, Ruiqi and Kumar, Sanjiv and Miklos, Balint and Kurzweil, Ray},
    year = {2017},
    month = {05},
    title = {Efficient Natural Language Response Suggestion for Smart Reply}
}

@inproceedings{17,
    author = {Chorowski, Jan and Jaitly, Navdeep},
    year = {2017},
    month = {08},
    pages = {523-527},
    title = {Towards Better Decoding and Language Model Integration in Sequence to Sequence Models},
    doi = {10.21437/Interspeech.2017-343}
}

@article{18,
    author = {Yu, Adams and Lee, Hongrae and Le, Quoc},
    year = {2017},
    month = {04},
    title = {Learning to Skim Text}
}

@inproceedings{19,
    title = "Deceptive Answer Prediction with User Preference Graph",
    author = "Li, Fangtao  and
      Gao, Yang  and
      Zhou, Shuchang  and
      Si, Xiance  and
      Dai, Decheng",
    booktitle = "Proceedings of the 51st Annual Meeting of the Association for Computational Linguistics (Volume 1: Long Papers)",
    month = aug,
    year = "2013",
    address = "Sofia, Bulgaria",
    publisher = "Association for Computational Linguistics",
    url = "https://www.aclweb.org/anthology/P13-1169",
    pages = "1723--1732",
}

@article{20,
    author = {Allahyari, Mehdi and Pouriyeh, Seyedamin and Assefi, Mehdi and Safaei, Saeid and Trippe, Elizabeth and Gutierrez, Juan and Kochut, Krys},
    year = {2017},
    month = {07},
    pages = {397-405},
    title = {Text Summarization Techniques: A Brief Survey},
    volume = {8},
    journal = {International Journal of Advanced Computer Science and Applications (IJACSA)},
    doi = {10.14569/IJACSA.2017.081052}
}

@inbook{21,
    author = {Ikram, Mohammed and Hussain, Farookh},
    year = {2018},
    month = {02},
    pages = {403-415},
    title = {Software as a Service (SaaS) Service Selection Based on Measuring the Shortest Distance to the Consumer’s Preferences},
    isbn = {978-3-319-75927-2},
    doi = {10.1007/978-3-319-75928-9_36}
}

@article{22,
    author = {Armbrust, Michael and Fox, Armando and Griffith, Rean and Joseph, Anthony and Katz, Randy and Konwinski, Andy and Lee, Gunho and Patterson, David and Rabkin, Ariel and Stoica, Ion and Zaharia, Matei},
    year = {2010},
    month = {04},
    pages = {50-58},
    title = {A View of Cloud Computing},
    volume = {53},
    journal = {Commun. ACM},
    doi = {10.1145/1721654.1721672}
}

@article{23,
    author = {Tsai, Wei-Tek and Bai, Xiaoying and Huang, Yu},
    year = {2014},
    month = {05},
    pages = {1-15},
    title = {Software-as-a-service (SaaS): Perspectives and challenges},
    volume = {57},
    journal = {Science China Information Sciences},
    doi = {10.1007/s11432-013-5050-z}
}

@inproceedings{24,
    author = {Tyrväinen, Pasi and Selin, Joona},
    year = {2011},
    month = {06},
    pages = {2-16},
    title = {How to Sell SaaS: A Model for Main Factors of Marketing and Selling Software-as-a-Service},
    volume = {80},
    journal = {Lecture Notes in Business Information Processing},
    doi = {10.1007/978-3-642-21544-5_2}
}

@article{25,
    author = {López Menéndez de Jiménez, Rina Elizabeth},
    year = {2015},
    month = {12},
    title = {Metodologías ágiles de desarrollo de Software aplicadas a la gestión de proyectos empresariales},
    url = {http://hdl.handle.net/10972/2905}
}

@article{26,
    author = {TP. Torres, E. López},
    year = {2003},
    month = {11},
    title = {Metodologías ágiles en el desarrollo de software},
    url = {https://rua.ua.es/dspace/bitstream/10045/92767/1/tesis_santiago_leonardo_morales_cardoso.pdf}
}

@article{27,
    author = {P. Buñay, E. Yépez, K. Armijos Guillen},
    year = {2020},
    month = {02},
    title = {Aplicación de la metodología kanban en el desarrollo del software para generación, validación y actualización de reactivos, integrado al sistema informático de control académico UNACH},
    url = {http://dspace.unach.edu.ec/handle/51000/6457}
}

@online{28,
    author    = "1&1 IONOS España S.L.U.",
    title     = "¿Qué es Kanban?",
    url       = "https://www.ionos.es/digitalguide/paginas-web/desarrollo-web/que-es-kanban/",
}

@article{29,
    author = {Pérez Pérez, María José},
    year = {2012},
    title = {Guía comparativa de metodologías ágiles},
    url = {http://uvadoc.uva.es/handle/10324/1495}
}

@article{30,
    author = {Guzmán, David and Islas, Ulises and Corona, Carlos and Méndez, Blanca},
    year = {2014},
    month = {12},
    pages = {97-107},
    title = {Metodología ágil Scrumban en el proceso de desarrollo y mantenimiento de software de la norma MoProSoft},
    volume = {79},
    journal = {Research in Computing Science},
    doi = {10.13053/rcs-79-1-8}
}

@article{31,
    author = {Pérez Pérez, María José},
    year = {2017},
    title = {Metodología Lean-PMI para desarrollo de proyectos de software},
    publisher = {Universidad de Concepción . Facultad de Ingeniería. Departamento de Ingeniería Informática y Ciencias de la Computación},
    url = {http://repositorio.udec.cl/jspui/handle/11594/2478}
}

@online{32,
    author    = "Shore, L.",
    year      = "2010",
    title     = "Kanban Tool. ¿Por qué utilizar la metodología Kanban?",
    url       = "https://kanbantool.com/es/metodologia-kanban",
}

@online{33,
    author    = "Crisp, C.",
    year      = "2010",
    title     = "Kanban",
    url       = "https://www.crisp.se/gratis-material-ochguider/kanban",
}


%Referencia 50 papers


\end{thebibliography}